@article{openQuantumSystems,
  author          = {Guillermo García-Pérez, Matteo A. C. Rossi, Sabrina Maniscalco},
  journal         = {Nature Partner Journals Quantum},
  title           = {IBM Q Experience as a versatile experimental testbed for simulating open quantum systems.},
  DOI             = {https://doi.org/10.1038/s41534-019-0235-y},
  year            = {2020}
}